<marc:record xmlns:marc="http://www.loc.gov/MARC21/slim" xmlns:xsi="http://www.w3.org/2001/XMLSchema-instance" xsi:schemaLocation="http://www.loc.gov/MARC21/slim http://www.loc.gov/standards/marcxml/schema/MARC21slim.xsd">
  <marc:leader>     nam a2200265   45M</marc:leader>
  <marc:controlfield tag="001">002814463</marc:controlfield>
  <marc:controlfield tag="003">NNU</marc:controlfield>
  <marc:controlfield tag="005">19940713181853.0</marc:controlfield>
  <marc:controlfield tag="008">870320s1931    ua            000 0 arar </marc:controlfield>
  <marc:datafield tag="010" ind1=" " ind2=" ">
    <marc:subfield code="a">71233957</marc:subfield>
  </marc:datafield>
  <marc:datafield tag="035" ind1="9" ind2=" ">
    <marc:subfield code="a">NYUb10521676</marc:subfield>
  </marc:datafield>
  <marc:datafield tag="035" ind1=" " ind2=" ">
    <marc:subfield code="a">(CStRLIN)NYUG87-B8697</marc:subfield>
  </marc:datafield>
  <marc:datafield tag="035" ind1=" " ind2=" ">
    <marc:subfield code="a">GLIS005216767</marc:subfield>
  </marc:datafield>
  <marc:datafield tag="040" ind1=" " ind2=" ">
    <marc:subfield code="a">NNU</marc:subfield>
    <marc:subfield code="c">NNU</marc:subfield>
  </marc:datafield>
  <marc:datafield tag="050" ind1=" " ind2="0">
    <marc:subfield code="a">PJ7696.J5</marc:subfield>
    <marc:subfield code="b">A6 1931</marc:subfield>
  </marc:datafield>
  <marc:datafield tag="090" ind1=" " ind2=" ">
    <marc:subfield code="a">PJ7696.J5</marc:subfield>
    <marc:subfield code="b">A6 1931</marc:subfield>
    <marc:subfield code="i">05/08/87 T</marc:subfield>
    <marc:subfield code="h">04/15/87 CT</marc:subfield>
  </marc:datafield>
  <marc:datafield tag="100" ind1="1" ind2=" ">
    <marc:subfield code="a">Jirān al-ʻAwd al-Numayrī, ʻĀmir ibn al-Ḥārith.</marc:subfield>
  </marc:datafield>
  <marc:datafield tag="245" ind1="1" ind2="0">
    <marc:subfield code="a">Dīwān Jirān al-ʻAwd al-Numayrī,</marc:subfield>
    <marc:subfield code="c">riwāyat Abī Saʻīd al-Sukkarī .</marc:subfield>
  </marc:datafield>
  <marc:datafield tag="250" ind1=" " ind2=" ">
    <marc:subfield code="a">al-Ṭabʻah 1.</marc:subfield>
  </marc:datafield>
  <marc:datafield tag="260" ind1=" " ind2=" ">
    <marc:subfield code="a">al-Qāhirah :</marc:subfield>
    <marc:subfield code="b">Dār al-Kutub al-Miṣrīyah,</marc:subfield>
    <marc:subfield code="c">1931.</marc:subfield>
  </marc:datafield>
  <marc:datafield tag="300" ind1=" " ind2=" ">
    <marc:subfield code="a">4, 60 p.</marc:subfield>
    <marc:subfield code="c">23 cm.</marc:subfield>
  </marc:datafield>
  <marc:datafield tag="700" ind1="1" ind2=" ">
    <marc:subfield code="a">Sukkarī, Abū al-Saʻīd al-Ḥasan ibn al-Ḥusayn,</marc:subfield>
    <marc:subfield code="d">827 or 8-888.</marc:subfield>
  </marc:datafield>
  <marc:datafield tag="950" ind1=" " ind2=" ">
    <marc:subfield code="l">BMAIN</marc:subfield>
    <marc:subfield code="i">05/08/87 N</marc:subfield>
    <marc:subfield code="h">04/15/87 C</marc:subfield>
  </marc:datafield>
  <marc:datafield tag="955" ind1=" " ind2=" ">
    <marc:subfield code="l">BMAIN</marc:subfield>
    <marc:subfield code="c">2</marc:subfield>
    <marc:subfield code="r">012296920</marc:subfield>
    <marc:subfield code="h">04/15/87 C</marc:subfield>
  </marc:datafield>
  <marc:datafield tag="955" ind1=" " ind2=" ">
    <marc:subfield code="l">BMAIN</marc:subfield>
    <marc:subfield code="c">1</marc:subfield>
    <marc:subfield code="r">012297043</marc:subfield>
    <marc:subfield code="h">04/15/87 C</marc:subfield>
  </marc:datafield>
  <marc:datafield tag="998" ind1=" " ind2=" ">
    <marc:subfield code="a">05/08/87</marc:subfield>
    <marc:subfield code="t">c</marc:subfield>
    <marc:subfield code="s">9114</marc:subfield>
    <marc:subfield code="n">NNU</marc:subfield>
    <marc:subfield code="w">NYUG87B8697</marc:subfield>
    <marc:subfield code="d">03/20/87</marc:subfield>
    <marc:subfield code="c">MG</marc:subfield>
    <marc:subfield code="b">XXX</marc:subfield>
    <marc:subfield code="i">870508</marc:subfield>
    <marc:subfield code="h">870415</marc:subfield>
    <marc:subfield code="l">NYUG</marc:subfield>
  </marc:datafield>
</marc:record>
